<collection xmlns="http://www.loc.gov/MARC21/slim">
<record>
  <leader>00773nam0a22001931i 450 </leader>
  <controlfield tag="001">IT\ICCU\CNCE\072631</controlfield>
  <controlfield tag="005">20080403000000.0</controlfield>
  <datafield tag="012" ind1=" " ind2=" ">
    <subfield code="a">e-st Leo- t.a- GeNo (3) 1600 (R)</subfield>
    <subfield code="2">fei</subfield>
  </datafield>
  <datafield tag="100" ind1=" " ind2=" ">
    <subfield code="a">20080403d1600        0itac0103    ba</subfield>
  </datafield>
  <datafield tag="101" ind1=" " ind2=" ">
    <subfield code="a">LAT</subfield>
  </datafield>
  <datafield tag="102" ind1=" " ind2=" ">
    <subfield code="a">IT</subfield>
  </datafield>
  <datafield tag="200" ind1="1" ind2=" ">
    <subfield code="a">℗Emmanuelis Alvari e societate Iesu ℗De institutione grammatica libri tres. Locupletati, &amp; appendicibus, ac scholijs nuper aucti, ac recogniti</subfield>
  </datafield>
  <datafield tag="210" ind1=" " ind2=" ">
    <subfield code="a">Venetiis</subfield>
    <subfield code="c">apud haeredes Melchioris Sessae</subfield>
    <subfield code="d">1600</subfield>
  </datafield>
  <datafield tag="215" ind1=" " ind2=" ">
    <subfield code="a">\12!, 555, \20! p.</subfield>
    <subfield code="d">16ʻ</subfield>
  </datafield>
  <datafield tag="620" ind1=" " ind2=" ">
    <subfield code="a">IT</subfield>
    <subfield code="d">Venezia</subfield>
  </datafield>
  <datafield tag="700" ind1=" " ind2="1">
    <subfield code="a">Alvares,</subfield>
    <subfield code="b">Manuel</subfield>
    <subfield code="3">IT\ICCU\CNCA\000637</subfield>
  </datafield>
  <datafield tag="712" ind1="0" ind2="0">
    <subfield code="a">Sessa, Melchiorre</subfield>
    <subfield code="c"> &lt;1.&gt; - eredi</subfield>
    <subfield code="3">IT\ICCU\CNCT\000242</subfield>
    <subfield code="4">650</subfield>
  </datafield>
  <datafield tag="801" ind1=" " ind2="3">
    <subfield code="a">IT</subfield>
    <subfield code="b">ICCU</subfield>
    <subfield code="c">20201115</subfield>
  </datafield>
  <datafield tag="899" ind1=" " ind2=" ">
    <subfield code="a">Biblioteca comunale Giuseppe Tanfani. Ostra Vetere</subfield>
    <subfield code="1">AN0061</subfield>
    <subfield code="2">URB OV</subfield>
  </datafield>
</record>
</collection>
